<record><leader>00000cas a22000007a 4500</leader><controlfield tag="001">22481111</controlfield><controlfield tag="008">901009d18901915maudn ne      0    0eng d</controlfield><datafield ind1=" " ind2=" " tag="010"><subfield code="a">sn 89063323 </subfield></datafield><datafield ind1=" " ind2=" " tag="040"><subfield code="a">MGN</subfield><subfield code="b">eng</subfield><subfield code="c">MGN</subfield><subfield code="d">OCLCQ</subfield></datafield><datafield ind1=" " ind2=" " tag="042"><subfield code="a">msc</subfield></datafield><datafield ind1="0" ind2="0" tag="245"><subfield code="a">Newburyport morning herald.</subfield></datafield><datafield ind1="1" ind2="7" tag="246"><subfield code="a">Newburyport herald-leader</subfield><subfield code="f">May 12, 1910-July 8, 1911</subfield></datafield><datafield ind1="3" ind2="0" tag="246"><subfield code="a">Newburyport morning herald and Newburyport leader</subfield></datafield><datafield ind1=" " ind2=" " tag="260"><subfield code="a">Newburyport [Mass.] :</subfield><subfield code="b">Newburyport Herald Co.</subfield></datafield><datafield ind1=" " ind2=" " tag="300"><subfield code="a">v.</subfield></datafield><datafield ind1=" " ind2=" " tag="310"><subfield code="a">Daily (except Sun.)</subfield></datafield><datafield ind1="0" ind2=" " tag="362"><subfield code="a">Jan. 1, 1890-</subfield></datafield><datafield ind1="1" ind2=" " tag="362"><subfield code="a">Ceased Oct. 2, 1915.</subfield></datafield><datafield ind1=" " ind2=" " tag="500"><subfield code="a">Published as: Newburyport morning herald and Newburyport leader, July 10, 1911-Jan. 24, 1912.</subfield></datafield><datafield ind1=" " ind2=" " tag="752"><subfield code="a">United States</subfield><subfield code="b">Massachusetts</subfield><subfield code="c">Essex</subfield><subfield code="d">Newburyport.</subfield></datafield><datafield ind1="0" ind2=" " tag="775"><subfield code="t">Newburyport evening herald</subfield><subfield code="w">(DLC)sn 94055866</subfield></datafield><datafield ind1="0" ind2=" " tag="775"><subfield code="t">Newburyport weekly herald</subfield><subfield code="w">(DLC)sn 94055867</subfield></datafield><datafield ind1="0" ind2="0" tag="780"><subfield code="t">Newburyport daily herald (Newburyport, Mass. : 1866)</subfield><subfield code="w">(DLC)sn 83020428</subfield></datafield><datafield ind1="0" ind2="5" tag="780"><subfield code="t">Newburyport leader</subfield><subfield code="w">(DLC)sn 89063322</subfield></datafield><datafield ind1="0" ind2="7" tag="785"><subfield code="t">Newburyport daily news (Newburyport, Mass. : 1887)</subfield><subfield code="w">(DLC)sn 86063511</subfield></datafield><datafield ind1="0" ind2="7" tag="785"><subfield code="t">Newburyport daily news and Newburyport herald</subfield><subfield code="w">(DLC)sn 89063316</subfield></datafield></record>